@article{pdg,
author = "Zyla, P.A. and others",
collaboration = "Particle Data Group",
title = "{Review of Particle Physics}",
doi = "10.1093/ptep/ptaa104",
journal = "PTEP",
volume = "2020",
number = "8",
year = "2020",
note = "and 2021 update"
}
@manual{nasa,
author="Wrbanek, J.D. and Wrbanek, S.Y.",
collaboration = "Glenn Research Center",
title="Space Radiation and Impact on Instrumentation Technologies",
year = {2020}
}
@software{pandas,
    author       = {The pandas development team},
    title        = {pandas-dev/pandas: Pandas},
    month        = feb,
    year         = 2020,
    publisher    = {Zenodo},
    version      = {latest},
    doi          = {10.5281/zenodo.3509134}
}
@ARTICLE{scipy,
  author  = {Virtanen, Pauli and Gommers, Ralf and Oliphant, Travis E. and
            Haberland, Matt and Reddy, Tyler and Cournapeau, David and
            Burovski, Evgeni and Peterson, Pearu and Weckesser, Warren and
            Bright, Jonathan and {van der Walt}, St{\'e}fan J. and
            Brett, Matthew and Wilson, Joshua and Millman, K. Jarrod and
            Mayorov, Nikolay and Nelson, Andrew R. J. and Jones, Eric and
            Kern, Robert and Larson, Eric and Carey, C J and
            Polat, {\.I}lhan and Feng, Yu and Moore, Eric W. and
            {VanderPlas}, Jake and Laxalde, Denis and Perktold, Josef and
            Cimrman, Robert and Henriksen, Ian and Quintero, E. A. and
            Harris, Charles R. and Archibald, Anne M. and
            Ribeiro, Ant{\^o}nio H. and Pedregosa, Fabian and
            {van Mulbregt}, Paul and {SciPy 1.0 Contributors}},
  title   = {{{SciPy} 1.0: Fundamental Algorithms for Scientific
            Computing in Python}},
  journal = {Nature Methods},
  year    = {2020},
  volume  = {17},
  pages   = {261--272}
}
@article{lvd,
author={N. Agafonova et al.},
year=2006,
title="The muon decay and muon capture detection with LVD",
collaboration={LVD},
journal={Book of Abstracts},
pages=201
}
@article{bound,
title = {Decay rate of bound muons},
journal = {Annals of Physics},
volume = {16},
number = {2},
pages = {288-317},
year = {1961},
doi = {https://doi.org/10.1016/0003-4916(61)90039-2},
author = {Robert W Huff}
}
